@online{ram,
    author = "Significados.com.",
    title = "Memoria RAM",
    url  = "https://www.significados.com/memoria-ram/",
    addendum = "(accessed: 07.09.2020)",
    keywords = "ram,volátil"
}
@online{flash,
    author = "Graciela Marker",
    title = "Las memorias flash",
    url  = "https://www.tecnologia-informatica.com/memorias-flash/",
    addendum = "(accessed: 07.09.2020)",
    keywords = "memoria,flash"
}
@online{ROM,
    author = "Victoria Bembibre",
    title = "Las memorias flash",
    url  = "https://www.definicionabc.com/tecnologia/memoria-rom.php",
    addendum = "(accessed: 07.09.2020)",
    keywords = "memoria,ROM"
}
@online{virtual,
    author = "Acer",
    title = "¿Qué es memoria virtual?",
    url  = "https://mxrola.answers.acer.com/app/answers",
    addendum = "(accessed: 07.09.2020)",
    keywords = "memoria,virtual"
}
@article{taller,
    author = "Augusto Salazar",
    title = "Taller - Nociones de la memoria del computador.",
    year = "2020",
    DOI = "http://www.youbioit.com/es/article/shared-information/8714/como-funciona-la-memoria-de-una-computadora"
}
